<?xml version="1.0" encoding="UTF-8"?><collection xmlns="http://www.loc.gov/MARC21/slim"><record><leader>00579nam--2200181-i-4500</leader><controlfield tag="001">000038233</controlfield><controlfield tag="002">20161230</controlfield><controlfield tag="005">20161230201041</controlfield><controlfield tag="008">060222s1000------------r-----000-0-eng-d</controlfield><datafield ind1=" " ind2=" " tag="040"><subfield code="a">IFIN-HH</subfield></datafield><datafield ind1=" " ind2=" " tag="080"><subfield code="a">539.2</subfield></datafield><datafield ind1="1" ind2=" " tag="100"><subfield code="a">Reimherr, George William</subfield></datafield><datafield ind1="1" ind2="0" tag="245"><subfield code="a">A general survey of the semiconductor field</subfield><subfield code="b">National bureau of standards thehnical note 153 august 1962</subfield><subfield code="c">George william reimherr</subfield></datafield><datafield ind1=" " ind2=" " tag="260"><subfield code="a">Washington</subfield><subfield code="b">U.S. Department Of Commerce</subfield><subfield code="c">1962</subfield></datafield><datafield ind1=" " ind2=" " tag="300"><subfield code="a">III + 44P</subfield></datafield><datafield ind1=" " ind2=" " tag="490"><subfield code="a">N.B.S.Technical Note</subfield></datafield><datafield ind1=" " ind2=" " tag="852"><subfield code="a">18764</subfield><subfield code="c">537.311.33</subfield></datafield><datafield ind1=" " ind2=" " tag="CAT"><subfield code="a">Sys</subfield><subfield code="c">20110719</subfield><subfield code="h">121139</subfield></datafield></record></collection>